@Article{Davidson:2008bu,
     author    = "Davidson, Sacha and Nardi, Enrico and Nir, Yosef",
     title     = "{Leptogenesis}",
     journal   = "Phys. Rept.",
     volume    = "466",
     year      = "2008",
     pages     = "105-177",
     eprint    = "0802.2962",
     archivePrefix = "arXiv",
     primaryClass  =  "hep-ph",
     doi       = "10.1016/j.physrep.2008.06.002",
     SLACcitation  = "%%CITATION = 0802.2962;%%"
}

@Article{Bertone:2004pz,
     author    = "Bertone, Gianfranco and Hooper, Dan and Silk, Joseph",
     title     = "{Particle dark matter: Evidence, candidates and
                  constraints}",
     journal   = "Phys. Rept.",
     volume    = "405",
     year      = "2005",
     pages     = "279-390",
     eprint    = "hep-ph/0404175",
     archivePrefix = "arXiv",
     doi       = "10.1016/j.physrep.2004.08.031",
     SLACcitation  = "%%CITATION = HEP-PH/0404175;%%"
}

@Article{Jungman:1995df,
     author    = "Jungman, Gerard and Kamionkowski, Marc and Griest, Kim",
     title     = "{Supersymmetric dark matter}",
     journal   = "Phys. Rept.",
     volume    = "267",
     year      = "1996",
     pages     = "195-373",
     eprint    = "hep-ph/9506380",
     archivePrefix = "arXiv",
     doi       = "10.1016/0370-1573(95)00058-5",
     SLACcitation  = "%%CITATION = HEP-PH/9506380;%%"
}

@Article{Amsler:2008zzb,
     author    = "Amsler, Claude and others",
 collaboration = "Particle Data Group",
     title     = "{Review of particle physics}",
     journal   = "Phys. Lett.",
     volume    = "B667",
     year      = "2008",
     pages     = "1-1340",
     doi       = "10.1016/j.physletb.2008.07.018",
     SLACcitation  = "%%CITATION = PHLTA,B667,1;%%"
}

@Article{:2008zzr,
     author    = "Chang, J. and others",
     title     = "{An excess of cosmic ray electrons at energies of 300-800
                  GeV}",
     journal   = "Nature",
     volume    = "456",
     year      = "2008",
     pages     = "362-365",
     doi       = "10.1038/nature07477",
     SLACcitation  = "%%CITATION = NATUA,456,362;%%"
}

@Article{Adriani:2008zr,
     author    = "Adriani, Oscar and others",
 collaboration = "PAMELA",
     title     = "{An anomalous positron abundance in cosmic rays with
                  energies 1.5-100 GeV}",
     journal   = "Nature",
     volume    = "458",
     year      = "2009",
     pages     = "607-609",
     eprint    = "0810.4995",
     archivePrefix = "arXiv",
     primaryClass  =  "astro-ph",
     doi       = "10.1038/nature07942",
     SLACcitation  = "%%CITATION = 0810.4995;%%"
}

@Article{Abdo:2009zk,
     author    = "Abdo, Aous A. and others",
 collaboration = "The Fermi LAT",
     title     = "{Measurement of the Cosmic Ray e+ plus e- spectrum from 20
                  GeV to 1 TeV with the Fermi Large Area Telescope}",
     journal   = "Phys. Rev. Lett.",
     volume    = "102",
     year      = "2009",
     pages     = "181101",
     eprint    = "0905.0025",
     archivePrefix = "arXiv",
     primaryClass  =  "astro-ph.HE",
     doi       = "10.1103/PhysRevLett.102.181101",
     SLACcitation  = "%%CITATION = 0905.0025;%%"
}

% No SPIRES record found for cite request ams:2009

@Article{Aprile:2011ts,
     author    = "Aprile, E. and others",
 collaboration = "XENON100",
     title     = "{Implications on Inelastic Dark Matter from 100 Live Days
                  of XENON100 Data}",
     journal   = "Phys. Rev.",
     volume    = "D84",
     year      = "2011",
     pages     = "061101",
     eprint    = "1104.3121",
     archivePrefix = "arXiv",
     primaryClass  =  "astro-ph.CO",
     doi       = "10.1103/PhysRevD.84.061101",
     SLACcitation  = "%%CITATION = 1104.3121;%%"
}

@Article{Martin:1997ns,
     author    = "Martin, Stephen P.",
     title     = "{A Supersymmetry Primer}",
     year      = "1997",
     eprint    = "hep-ph/9709356",
     archivePrefix = "arXiv",
     SLACcitation  = "%%CITATION = HEP-PH/9709356;%%"
}

@Article{Haber:1984rc,
     author    = "Haber, Howard E. and Kane, Gordon L.",
     title     = "{The Search for Supersymmetry: Probing Physics Beyond the
                  Standard Model}",
     journal   = "Phys. Rept.",
     volume    = "117",
     year      = "1985",
     pages     = "75-263",
     doi       = "10.1016/0370-1573(85)90051-1",
     SLACcitation  = "%%CITATION = PRPLC,117,75;%%"
}

@Article{Ellis:1983ew,
     author    = "Ellis, John R. and Hagelin, J. S. and Nanopoulos, Dimitri
                  V. and Olive, Keith A. and Srednicki, M.",
     title     = "{Supersymmetric relics from the big bang}",
     journal   = "Nucl. Phys.",
     volume    = "B238",
     year      = "1984",
     pages     = "453-476",
     doi       = "10.1016/0550-3213(84)90461-9",
     SLACcitation  = "%%CITATION = NUPHA,B238,453;%%"
}

@Article{Barbier:2004ez,
     author    = "Barbier, R. and others",
     title     = "{R-parity violating supersymmetry}",
     journal   = "Phys. Rept.",
     volume    = "420",
     year      = "2005",
     pages     = "1-202",
     eprint    = "hep-ph/0406039",
     archivePrefix = "arXiv",
     doi       = "10.1016/j.physrep.2005.08.006",
     SLACcitation  = "%%CITATION = HEP-PH/0406039;%%"
}

@Article{Baltz:2006fm,
     author    = "Baltz, Edward A. and Battaglia, Marco and Peskin, Michael
                  E. and Wizansky, Tommer",
     title     = "{Determination of dark matter properties at high-energy
                  colliders}",
     journal   = "Phys. Rev.",
     volume    = "D74",
     year      = "2006",
     pages     = "103521",
     eprint    = "hep-ph/0602187",
     archivePrefix = "arXiv",
     doi       = "10.1103/PhysRevD.74.103521",
     SLACcitation  = "%%CITATION = HEP-PH/0602187;%%"
}

@Article{Cho:2008tj,
     author    = "Cho, Won Sang and Choi, Kiwoon and Kim, Yeong Gyun and
                  Park, Chan Beom",
     title     = "{$M_T$2-assisted on-shell reconstruction of missing momenta
                  and its application to spin measurement at the LHC}",
     journal   = "Phys. Rev.",
     volume    = "D79",
     year      = "2009",
     pages     = "031701",
     eprint    = "0810.4853",
     archivePrefix = "arXiv",
     primaryClass  =  "hep-ph",
     doi       = "10.1103/PhysRevD.79.031701",
     SLACcitation  = "%%CITATION = 0810.4853;%%"
}

@Article{Nath:2010zj,
     author    = "Nath, Pran and others",
     title     = "{The Hunt for New Physics at the Large Hadron Collider}",
     journal   = "Nucl. Phys. Proc. Suppl.",
     volume    = "200-202",
     year      = "2010",
     pages     = "185-417",
     eprint    = "1001.2693",
     archivePrefix = "arXiv",
     primaryClass  =  "hep-ph",
     doi       = "10.1016/j.nuclphysbps.2010.03.001",
     SLACcitation  = "%%CITATION = 1001.2693;%%"
}

@Article{Green:2007rb,
     author    = "Green, Anne M.",
     title     = "{Determining the WIMP mass using direct detection
                  experiments}",
     journal   = "JCAP",
     volume    = "0708",
     year      = "2007",
     pages     = "022",
     eprint    = "hep-ph/0703217",
     archivePrefix = "arXiv",
     doi       = "10.1088/1475-7516/2007/08/022",
     SLACcitation  = "%%CITATION = HEP-PH/0703217;%%"
}

@Article{Bertone:2007xj,
     author    = "Bertone, G. and Cerdeno, David G. and Collar, J. I. and
                  Odom, Brian C.",
     title     = "{WIMP identification through a combined measurement of
                  axial and scalar   couplings}",
     journal   = "Phys. Rev. Lett.",
     volume    = "99",
     year      = "2007",
     pages     = "151301",
     eprint    = "0705.2502",
     archivePrefix = "arXiv",
     primaryClass  =  "astro-ph",
     doi       = "10.1103/PhysRevLett.99.151301",
     SLACcitation  = "%%CITATION = 0705.2502;%%"
}

@Article{Drees:2008bv,
     author    = "Drees, Manuel and Shan, Chung-Lin",
     title     = "{Model-Independent Determination of the WIMP Mass from
                  Direct Dark Matter Detection Data}",
     journal   = "JCAP",
     volume    = "0806",
     year      = "2008",
     pages     = "012",
     eprint    = "0803.4477",
     archivePrefix = "arXiv",
     primaryClass  =  "hep-ph",
     doi       = "10.1088/1475-7516/2008/06/012",
     SLACcitation  = "%%CITATION = 0803.4477;%%"
}

@Article{Green:2008rd,
     author    = "Green, Anne M.",
     title     = "{Determining the WIMP mass from a single direct detection
                  experiment, a more detailed study}",
     journal   = "JCAP",
     volume    = "0807",
     year      = "2008",
     pages     = "005",
     eprint    = "0805.1704",
     archivePrefix = "arXiv",
     primaryClass  =  "hep-ph",
     doi       = "10.1088/1475-7516/2008/07/005",
     SLACcitation  = "%%CITATION = 0805.1704;%%"
}

@Article{Nilles:1983ge,
     author    = "Nilles, Hans Peter",
     title     = "{Supersymmetry, Supergravity and Particle Physics}",
     journal   = "Phys. Rept.",
     volume    = "110",
     year      = "1984",
     pages     = "1-162",
     doi       = "10.1016/0370-1573(84)90008-5",
     SLACcitation  = "%%CITATION = PRPLC,110,1;%%"
}

@Article{Sarkar:1995dd,
     author    = "Sarkar, Subir",
     title     = "{Big bang nucleosynthesis and physics beyond the standard
                  model}",
     journal   = "Rept. Prog. Phys.",
     volume    = "59",
     year      = "1996",
     pages     = "1493-1610",
     eprint    = "hep-ph/9602260",
     archivePrefix = "arXiv",
     doi       = "10.1088/0034-4885/59/12/001",
     SLACcitation  = "%%CITATION = HEP-PH/9602260;%%"
}

@Article{Buchmuller:2007ui,
     author    = "Buchmuller, Wilfried and Covi, Laura and Hamaguchi, Koichi
                  and Ibarra, Alejandro and Yanagida, Tsutomu",
     title     = "{Gravitino dark matter in R-parity breaking vacua}",
     journal   = "JHEP",
     volume    = "03",
     year      = "2007",
     pages     = "037",
     eprint    = "hep-ph/0702184",
     archivePrefix = "arXiv",
     doi       = "10.1088/1126-6708/2007/03/037",
     SLACcitation  = "%%CITATION = HEP-PH/0702184;%%"
}

@Article{Bertone:2007aw,
     author    = "Bertone, Gianfranco and Buchmuller, Wilfried and Covi,
                  Laura and Ibarra, Alejandro",
     title     = "{Gamma-Rays from Decaying Dark Matter}",
     journal   = "JCAP",
     volume    = "0711",
     year      = "2007",
     pages     = "003",
     eprint    = "0709.2299",
     archivePrefix = "arXiv",
     primaryClass  =  "astro-ph",
     doi       = "10.1088/1475-7516/2007/11/003",
     SLACcitation  = "%%CITATION = 0709.2299;%%"
}

@Article{Ibarra:2007wg,
     author    = "Ibarra, Alejandro and Tran, David",
     title     = "{Gamma Ray Spectrum from Gravitino Dark Matter Decay}",
     journal   = "Phys. Rev. Lett.",
     volume    = "100",
     year      = "2008",
     pages     = "061301",
     eprint    = "0709.4593",
     archivePrefix = "arXiv",
     primaryClass  =  "astro-ph",
     doi       = "10.1103/PhysRevLett.100.061301",
     SLACcitation  = "%%CITATION = 0709.4593;%%"
}

@Article{Covi:2008jy,
     author    = "Covi, Laura and Grefe, Michael and Ibarra, Alejandro and
                  Tran, David",
     title     = "{Unstable Gravitino Dark Matter and Neutrino Flux}",
     journal   = "JCAP",
     volume    = "0901",
     year      = "2009",
     pages     = "029",
     eprint    = "0809.5030",
     archivePrefix = "arXiv",
     primaryClass  =  "hep-ph",
     doi       = "10.1088/1475-7516/2009/01/029",
     SLACcitation  = "%%CITATION = 0809.5030;%%"
}

@Article{Ibarra:2008qg,
     author    = "Ibarra, Alejandro and Tran, David",
     title     = "{Antimatter Signatures of Gravitino Dark Matter Decay}",
     journal   = "JCAP",
     volume    = "0807",
     year      = "2008",
     pages     = "002",
     eprint    = "0804.4596",
     archivePrefix = "arXiv",
     primaryClass  =  "astro-ph",
     doi       = "10.1088/1475-7516/2008/07/002",
     SLACcitation  = "%%CITATION = 0804.4596;%%"
}

@Article{Yuksel:2007dr,
     author    = "Yuksel, Hasan and Kistler, Matthew D.",
     title     = "{Dark Matter Might Decay... Just Not Today!}",
     journal   = "Phys. Rev.",
     volume    = "D78",
     year      = "2008",
     pages     = "023502",
     eprint    = "0711.2906",
     archivePrefix = "arXiv",
     primaryClass  =  "astro-ph",
     doi       = "10.1103/PhysRevD.78.023502",
     SLACcitation  = "%%CITATION = 0711.2906;%%"
}

@Article{Vertongen:2011mu,
     author    = "Vertongen, Gilles and Weniger, Christoph",
     title     = "{Hunting Dark Matter Gamma-Ray Lines with the Fermi LAT}",
     journal   = "JCAP",
     volume    = "1105",
     year      = "2011",
     pages     = "027",
     eprint    = "1101.2610",
     archivePrefix = "arXiv",
     primaryClass  =  "hep-ph",
     doi       = "10.1088/1475-7516/2011/05/027",
     SLACcitation  = "%%CITATION = 1101.2610;%%"
}

@Article{Belanger:2006is,
     author    = "Belanger, G. and Boudjema, F. and Pukhov, A. and Semenov,
                  A.",
     title     = "{micrOMEGAs2.0: A program to calculate the relic density of
                  dark matter  in a generic model}",
     journal   = "Comput. Phys. Commun.",
     volume    = "176",
     year      = "2007",
     pages     = "367-382",
     eprint    = "hep-ph/0607059",
     archivePrefix = "arXiv",
     doi       = "10.1016/j.cpc.2006.11.008",
     SLACcitation  = "%%CITATION = HEP-PH/0607059;%%"
}

@Article{Yaguna:2008hd,
     author    = "Yaguna, Carlos E.",
     title     = "{Gamma rays from the annihilation of singlet scalar dark
                  matter}",
     journal   = "JCAP",
     volume    = "0903",
     year      = "2009",
     pages     = "003",
     eprint    = "0810.4267",
     archivePrefix = "arXiv",
     primaryClass  =  "hep-ph",
     doi       = "10.1088/1475-7516/2009/03/003",
     SLACcitation  = "%%CITATION = 0810.4267;%%"
}

@Article{Goudelis:2009zz,
     author    = "Goudelis, A. and Mambrini, Y. and Yaguna, C.",
     title     = "{Antimatter signals of singlet scalar dark matter}",
     journal   = "JCAP",
     volume    = "0912",
     year      = "2009",
     pages     = "008",
     eprint    = "0909.2799",
     archivePrefix = "arXiv",
     primaryClass  =  "hep-ph",
     doi       = "10.1088/1475-7516/2009/12/008",
     SLACcitation  = "%%CITATION = 0909.2799;%%"
}

@Article{Yaguna:2011qn,
     author    = "Yaguna, Carlos E.",
     title     = "{The singlet scalar as FIMP dark matter}",
     journal   = "JHEP",
     volume    = "08",
     year      = "2011",
     pages     = "060",
     eprint    = "1105.1654",
     archivePrefix = "arXiv",
     primaryClass  =  "hep-ph",
     SLACcitation  = "%%CITATION = 1105.1654;%%"
}

@Article{Ahmad:2002jz,
     author    = "Ahmad, Q. R. and others",
 collaboration = "SNO",
     title     = "{Direct evidence for neutrino flavor transformation from
                  neutral-current interactions in the Sudbury Neutrino
                  Observatory}",
     journal   = "Phys. Rev. Lett.",
     volume    = "89",
     year      = "2002",
     pages     = "011301",
     eprint    = "nucl-ex/0204008",
     archivePrefix = "arXiv",
     doi       = "10.1103/PhysRevLett.89.011301",
     SLACcitation  = "%%CITATION = NUCL-EX/0204008;%%"
}

@Article{Fukuda:1998mi,
     author    = "Fukuda, Y. and others",
 collaboration = "Super-Kamiokande",
     title     = "{Evidence for oscillation of atmospheric neutrinos}",
     journal   = "Phys. Rev. Lett.",
     volume    = "81",
     year      = "1998",
     pages     = "1562-1567",
     eprint    = "hep-ex/9807003",
     archivePrefix = "arXiv",
     doi       = "10.1103/PhysRevLett.81.1562",
     SLACcitation  = "%%CITATION = HEP-EX/9807003;%%"
}

@Article{Eguchi:2002dm,
     author    = "Eguchi, K. and others",
 collaboration = "KamLAND",
     title     = "{First results from KamLAND: Evidence for reactor anti-
                  neutrino disappearance}",
     journal   = "Phys. Rev. Lett.",
     volume    = "90",
     year      = "2003",
     pages     = "021802",
     eprint    = "hep-ex/0212021",
     archivePrefix = "arXiv",
     doi       = "10.1103/PhysRevLett.90.021802",
     SLACcitation  = "%%CITATION = HEP-EX/0212021;%%"
}

@Article{Minkowski:1977sc,
     author    = "Minkowski, Peter",
     title     = "{mu $\to$ e gamma at a Rate of One Out of 1-Billion Muon
                  Decays?}",
     journal   = "Phys. Lett.",
     volume    = "B67",
     year      = "1977",
     pages     = "421",
     doi       = "10.1016/0370-2693(77)90435-X",
     SLACcitation  = "%%CITATION = PHLTA,B67,421;%%"
}

@Article{Hirsch:2004he,
     author    = "Hirsch, M. and Valle, J. W. F.",
     title     = "{Supersymmetric origin of neutrino mass}",
     journal   = "New J. Phys.",
     volume    = "6",
     year      = "2004",
     pages     = "76",
     eprint    = "hep-ph/0405015",
     archivePrefix = "arXiv",
     doi       = "10.1088/1367-2630/6/1/076",
     SLACcitation  = "%%CITATION = HEP-PH/0405015;%%"
}

@Article{Hirsch:2008ur,
     author    = "Hirsch, M. and Vicente, A. and Porod, W.",
     title     = "{Spontaneous R-parity violation: Lightest neutralino decays
                  and neutrino mixing angles at future colliders}",
     journal   = "Phys. Rev.",
     volume    = "D77",
     year      = "2008",
     pages     = "075005",
     eprint    = "0802.2896",
     archivePrefix = "arXiv",
     primaryClass  =  "hep-ph",
     doi       = "10.1103/PhysRevD.77.075005",
     SLACcitation  = "%%CITATION = 0802.2896;%%"
}

@Article{Froggatt:1978nt,
     author    = "Froggatt, C. D. and Nielsen, Holger Bech",
     title     = "{Hierarchy of Quark Masses, Cabibbo Angles and CP
                  Violation}",
     journal   = "Nucl. Phys.",
     volume    = "B147",
     year      = "1979",
     pages     = "277",
     doi       = "10.1016/0550-3213(79)90316-X",
     SLACcitation  = "%%CITATION = NUPHA,B147,277;%%"
}

@Article{Dreiner:2003hw,
     author    = "Dreiner, Herbi K. and Thormeier, Marc",
     title     = "{Supersymmetric Froggatt-Nielsen models with baryon- and
                  lepton-number  violation}",
     journal   = "Phys. Rev.",
     volume    = "D69",
     year      = "2004",
     pages     = "053002",
     eprint    = "hep-ph/0305270",
     archivePrefix = "arXiv",
     doi       = "10.1103/PhysRevD.69.053002",
     SLACcitation  = "%%CITATION = HEP-PH/0305270;%%"
}

@Article{Leurer:1992wg,
     author    = "Leurer, Miriam and Nir, Yosef and Seiberg, Nathan",
     title     = "{Mass matrix models}",
     journal   = "Nucl. Phys.",
     volume    = "B398",
     year      = "1993",
     pages     = "319-342",
     eprint    = "hep-ph/9212278",
     archivePrefix = "arXiv",
     doi       = "10.1016/0550-3213(93)90112-3",
     SLACcitation  = "%%CITATION = HEP-PH/9212278;%%"
}

@Article{Binetruy:1996xk,
     author    = "Binetruy, Pierre and Lavignac, Stephane and Ramond, Pierre
                  ",
     title     = "{Yukawa textures with an anomalous horizontal Abelian
                  symmetry}",
     journal   = "Nucl. Phys.",
     volume    = "B477",
     year      = "1996",
     pages     = "353-377",
     eprint    = "hep-ph/9601243",
     archivePrefix = "arXiv",
     doi       = "10.1016/0550-3213(96)00296-9",
     SLACcitation  = "%%CITATION = HEP-PH/9601243;%%"
}

@Article{Mira:2000gg,
     author    = "Mira, J. M. and Nardi, E. and Restrepo, D. A. and Valle, J.
                  W. F.",
     title     = "{Bilinear R-parity violation and small neutrino masses:  A
                  self-consistent framework}",
     journal   = "Phys. Lett.",
     volume    = "B492",
     year      = "2000",
     pages     = "81-90",
     eprint    = "hep-ph/0007266",
     archivePrefix = "arXiv",
     doi       = "10.1016/S0370-2693(00)01067-4",
     SLACcitation  = "%%CITATION = HEP-PH/0007266;%%"
}

@Article{Dreiner:2006xw,
     author    = "Dreiner, Herbi K. and Luhn, Christoph and Murayama, Hitoshi
                  and Thormeier, Marc",
     title     = "{Baryon Triality and Neutrino Masses from an Anomalous
                  Flavor U(1)}",
     journal   = "Nucl. Phys.",
     volume    = "B774",
     year      = "2007",
     pages     = "127-167",
     eprint    = "hep-ph/0610026",
     archivePrefix = "arXiv",
     doi       = "10.1016/j.nuclphysb.2007.03.028",
     SLACcitation  = "%%CITATION = HEP-PH/0610026;%%"
}

@Article{Dreiner:2003yr,
     author    = "Dreiner, Herbi K. and Murayama, Hitoshi and Thormeier, Marc
                  ",
     title     = "{Anomalous flavor U(1)X for everything}",
     journal   = "Nucl. Phys.",
     volume    = "B729",
     year      = "2005",
     pages     = "278-316",
     eprint    = "hep-ph/0312012",
     archivePrefix = "arXiv",
     doi       = "10.1016/j.nuclphysb.2005.08.047",
     SLACcitation  = "%%CITATION = HEP-PH/0312012;%%"
}

@Article{Dreiner:2007vp,
     author    = "Dreiner, Herbi K. and Luhn, Christoph and Murayama, Hitoshi
                  and Thormeier, Marc",
     title     = "{Proton Hexality from an Anomalous Flavor U(1) and Neutrino
                  Masses - Linking to the String Scale}",
     journal   = "Nucl. Phys.",
     volume    = "B795",
     year      = "2008",
     pages     = "172-200",
     eprint    = "0708.0989",
     archivePrefix = "arXiv",
     primaryClass  =  "hep-ph",
     doi       = "10.1016/j.nuclphysb.2007.11.014",
     SLACcitation  = "%%CITATION = 0708.0989;%%"
}

@Article{Sierra:2009zq,
     author    = "Aristizabal Sierra, D. and Restrepo, Diego and Zapata,
                  Oscar",
     title     = "{Decaying neutralino dark matter in anomalous $U(1)_H$
                  models}",
     journal   = "Phys. Rev.",
     volume    = "D80",
     year      = "2009",
     pages     = "055010",
     eprint    = "0907.0682",
     archivePrefix = "arXiv",
     primaryClass  =  "hep-ph",
     doi       = "10.1103/PhysRevD.80.055010",
     SLACcitation  = "%%CITATION = 0907.0682;%%"
}

@Article{Choi:2010jt,
     author    = "Choi, Ki-Young and Restrepo, Diego and Yaguna, Carlos E.
                  and Zapata, Oscar",
     title     = "{Indirect detection of gravitino dark matter including its
                  three-body decays}",
     journal   = "JCAP",
     volume    = "1010",
     year      = "2010",
     pages     = "033",
     eprint    = "1007.1728",
     archivePrefix = "arXiv",
     primaryClass  =  "hep-ph",
     doi       = "10.1088/1475-7516/2010/10/033",
     SLACcitation  = "%%CITATION = 1007.1728;%%"
}

@Article{Garny:2010eg,
     author    = "Garny, Mathias and Ibarra, Alejandro and Tran, David and
                  Weniger, Christoph",
     title     = "{Gamma-Ray Lines from Radiative Dark Matter Decay}",
     journal   = "JCAP",
     volume    = "1101",
     year      = "2011",
     pages     = "032",
     eprint    = "1011.3786",
     archivePrefix = "arXiv",
     primaryClass  =  "hep-ph",
     doi       = "10.1088/1475-7516/2011/01/032",
     SLACcitation  = "%%CITATION = 1011.3786;%%"
}

@Article{Hirsch:2005ag,
     author    = "Hirsch, M. and Porod, W. and Restrepo, D.",
     title     = "{Collider signals of gravitino dark matter in bilinearly
                  broken  R-parity}",
     journal   = "JHEP",
     volume    = "03",
     year      = "2005",
     pages     = "062",
     eprint    = "hep-ph/0503059",
     archivePrefix = "arXiv",
     doi       = "10.1088/1126-6708/2005/03/062",
     SLACcitation  = "%%CITATION = HEP-PH/0503059;%%"
}

@Article{Nardi:2008ix,
     author    = "Nardi, Enrico and Sannino, Francesco and Strumia,
                  Alessandro",
     title     = "{Decaying Dark Matter can explain the electron/positron
                  excesses}",
     journal   = "JCAP",
     volume    = "0901",
     year      = "2009",
     pages     = "043",
     eprint    = "0811.4153",
     archivePrefix = "arXiv",
     primaryClass  =  "hep-ph",
     doi       = "10.1088/1475-7516/2009/01/043",
     SLACcitation  = "%%CITATION = 0811.4153;%%"
}

@Article{Sierra:2008wj,
     author    = "Aristizabal Sierra, D. and Kubo, Jisuke and Restrepo, D.
                  and Suematsu, Daijiro and Zapata, Oscar",
     title     = "{Radiative seesaw: Warm dark matter, collider and lepton
                  flavour violating signals}",
     journal   = "Phys. Rev.",
     volume    = "D79",
     year      = "2009",
     pages     = "013011",
     eprint    = "0808.3340",
     archivePrefix = "arXiv",
     primaryClass  =  "hep-ph",
     doi       = "10.1103/PhysRevD.79.013011",
     SLACcitation  = "%%CITATION = 0808.3340;%%"
}

@article{AristizabalSierra:2006ri,
      author         = "Aristizabal Sierra, D. and Restrepo, Diego",
      title          = "{Leptonic Charged Higgs Decays in the Zee Model}",
      journal        = "JHEP",
      volume         = "0608",
      pages          = "036",
      doi            = "10.1088/1126-6708/2006/08/036",
      year           = "2006",
      eprint         = "hep-ph/0604012",
      archivePrefix  = "arXiv",
      primaryClass   = "hep-ph",
}

@article{deCampos:2008ic,
      author         = "de Campos, F. and Eboli, O.J.P. and Magro, M.B. and
                        Restrepo, D. and Valle, J.W.F.",
      title          = "{Finding the Higgs Boson through Supersymmetry}",
      journal        = "Phys.Rev.",
      volume         = "D80",
      pages          = "015002",
      doi            = "10.1103/PhysRevD.80.015002",
      year           = "2009",
      eprint         = "0809.1637",
      archivePrefix  = "arXiv",
      primaryClass   = "hep-ph",
}

@article{deCampos:2008re,
      author         = "de Campos, F. and Eboli, O.J.P. and Magro, M.B. and
                        Restrepo, D.",
      title          = "{Searching supersymmetry at the LHCb with displaced
                        vertices}",
      journal        = "Phys.Rev.",
      volume         = "D79",
      pages          = "055008",
      doi            = "10.1103/PhysRevD.79.055008",
      year           = "2009",
      eprint         = "0809.0007",
      archivePrefix  = "arXiv",
      primaryClass   = "hep-ph",
}

@article{DeCampos:2010yu,
      author         = "De Campos, F. and Eboli, O.J.P. and Hirsch, M. and Magro,
                        M.B. and Porod, W. and others",
      title          = "{Probing Neutrino Oscillations in Supersymmetric Models
                        at the Large Hadron Collider}",
      journal        = "Phys.Rev.",
      volume         = "D82",
      pages          = "075002",
      doi            = "10.1103/PhysRevD.82.075002",
      year           = "2010",
      eprint         = "1006.5075",
      archivePrefix  = "arXiv",
      primaryClass   = "hep-ph",
}

@article{deCampos:2007bn,
      author         = "de Campos, F. and Eboli, O.J.P. and Magro, M.B. and
                        Porod, W. and Restrepo, D. and others",
      title          = "{Probing bilinear R-parity violating supergravity at the
                        LHC}",
      journal        = "JHEP",
      volume         = "0805",
      pages          = "048",
      doi            = "10.1088/1126-6708/2008/05/048",
      year           = "2008",
      eprint         = "0712.2156",
      archivePrefix  = "arXiv",
      primaryClass   = "hep-ph",
}

@article{deCampos:2005ri,
      author         = "de Campos, F. and Eboli, O.J.P. and Magro, M.B. and
                        Porod, W. and Restrepo, D. and others",
      title          = "{Probing neutrino mass with displaced vertices at the
                        Tevatron}",
      journal        = "Phys.Rev.",
      volume         = "D71",
      pages          = "075001",
      doi            = "10.1103/PhysRevD.71.075001",
      year           = "2005",
      eprint         = "hep-ph/0501153",
      archivePrefix  = "arXiv",
      primaryClass   = "hep-ph",
}

@article{Giudice:1988yz,
      author         = "Giudice, G.F. and Masiero, A.",
      title          = "{A Natural Solution to the mu Problem in Supergravity
                        Theories}",
      journal        = "Phys.Lett.",
      volume         = "B206",
      pages          = "480-484",
      doi            = "10.1016/0370-2693(88)91613-9",
      year           = "1988",
}

@article{Magro:2003zb,
      author         = "Magro, M.B. and de Campos, F. and Eboli, O.J.P. and
                        Porod, W. and Restrepo, D. and others",
      title          = "{Probing neutrino mass with multilepton production at the
                        Tevatron in the simplest R parity violation model}",
      journal        = "JHEP",
      volume         = "0309",
      pages          = "071",
      year           = "2003",
      eprint         = "hep-ph/0304232",
      archivePrefix  = "arXiv",
      primaryClass   = "hep-ph",
}

@article{AristizabalSierra:2009bh,
      author         = "Aristizabal Sierra, D. and Munoz, Luis Alfredo and Nardi,
                        Enrico",
      title          = "{Purely Flavored Leptogenesis}",
      journal        = "Phys.Rev.",
      volume         = "D80",
      pages          = "016007",
      doi            = "10.1103/PhysRevD.80.016007",
      year           = "2009",
      eprint         = "0904.3043",
      archivePrefix  = "arXiv",
      primaryClass   = "hep-ph",
}

@article{AristizabalSierra:2008ye,
      author         = "Aristizabal Sierra, D. and Porod, W. and Restrepo, D. and
                        Yaguna, Carlos E.",
      title          = "{Novel Higgs decay signals in R-parity violating models}",
      journal        = "Phys.Rev.",
      volume         = "D78",
      pages          = "015015",
      doi            = "10.1103/PhysRevD.78.015015",
      year           = "2008",
      eprint         = "0804.1907",
      archivePrefix  = "arXiv",
      primaryClass   = "hep-ph",
}

@article{Ruderman:2009ta,
      author         = "Ruderman, Joshua T. and Volansky, Tomer",
      title          = "{Searching for Smoking Gun Signatures of Decaying Dark
                        Matter}",
      year           = "2009",
      eprint         = "0907.4373",
      archivePrefix  = "arXiv",
      primaryClass   = "hep-ph",
}

@article{Ibarra:2009tn,
      author         = "Ibarra, Alejandro and Tran, David",
      title          = "{Antideuterons from Dark Matter Decay}",
      journal        = "JCAP",
      volume         = "0906",
      pages          = "004",
      doi            = "10.1088/1475-7516/2009/06/004",
      year           = "2009",
      eprint         = "0904.1410",
      archivePrefix  = "arXiv",
      primaryClass   = "hep-ph",
}

@article{Buckley:2009kw,
      author         = "Buckley, Matthew R. and Freese, Katherine and Hooper, Dan
                        and Spolyar, Douglas and Murayama, Hitoshi",
      title          = "{High-Energy Neutrino Signatures of Dark Matter Decaying
                        into Leptons}",
      journal        = "Phys.Rev.",
      volume         = "D81",
      pages          = "016006",
      doi            = "10.1103/PhysRevD.81.016006",
      year           = "2010",
      eprint         = "0907.2385",
      archivePrefix  = "arXiv",
      primaryClass   = "astro-ph.HE",
}

@article{Ibarra:2008jk,
      author         = "Ibarra, Alejandro and Tran, David",
      title          = "{Decaying Dark Matter and the PAMELA Anomaly}",
      journal        = "JCAP",
      volume         = "0902",
      pages          = "021",
      doi            = "10.1088/1475-7516/2009/02/021",
      year           = "2009",
      eprint         = "0811.1555",
      archivePrefix  = "arXiv",
      primaryClass   = "hep-ph",
}

@article{Arvanitaki:2008hq,
      author         = "Arvanitaki, Asimina and Dimopoulos, Savas and Dubovsky,
                        Sergei and Graham, Peter W. and Harnik, Roni and others",
      title          = "{Astrophysical Probes of Unification}",
      journal        = "Phys.Rev.",
      volume         = "D79",
      pages          = "105022",
      doi            = "10.1103/PhysRevD.79.105022",
      year           = "2009",
      eprint         = "0812.2075",
      archivePrefix  = "arXiv",
      primaryClass   = "hep-ph",
}

@article{Eichler:1989br,
      author         = "Eichler, David",
      title          = "{TeV Particles as Weakly Unstalbe Dark Matter}",
      journal        = "Phys.Rev.Lett.",
      volume         = "63",
      pages          = "2440",
      doi            = "10.1103/PhysRevLett.63.2440",
      year           = "1989",
}

@Article{Ahmed:2009zw,
     author    = "Ahmed, Z. and others",
 collaboration = "The CDMS-II",
     title     = "{Dark Matter Search Results from the CDMS II Experiment}",
     journal   = "Science",
     volume    = "327",
     year      = "2010",
     pages     = "1619-1621",
     eprint    = "0912.3592",
     archivePrefix = "arXiv",
     primaryClass  =  "astro-ph.CO",
     doi       = "10.1126/science.1186112",
     SLACcitation  = "%%CITATION = 0912.3592;%%"
}

@Article{Ahmed:2010wy,
     author    = "Ahmed, Z. and others",
 collaboration = "CDMS-II",
     title     = "{Results from a Low-Energy Analysis of the CDMS II
                  Germanium Data}",
     journal   = "Phys. Rev. Lett.",
     volume    = "106",
     year      = "2011",
     pages     = "131302",
     eprint    = "1011.2482",
     archivePrefix = "arXiv",
     primaryClass  =  "astro-ph.CO",
     doi       = "10.1103/PhysRevLett.106.131302",
     SLACcitation  = "%%CITATION = 1011.2482;%%"
}

@Article{Aalseth:2011wp,
     author    = "Aalseth, C. E. and others",
     title     = "{Search for an Annual Modulation in a P-type Point Contact
                  Germanium Dark Matter Detector}",
     journal   = "Phys. Rev. Lett.",
     volume    = "107",
     year      = "2011",
     pages     = "141301",
     eprint    = "1106.0650",
     archivePrefix = "arXiv",
     primaryClass  =  "astro-ph.CO",
     doi       = "10.1103/PhysRevLett.107.141301",
     SLACcitation  = "%%CITATION = 1106.0650;%%"
}

@Article{Angloher:2011uu,
     author    = "Angloher, G. and others",
     title     = "{Results from 730 kg days of the CRESST-II Dark Matter
                  Search}",
     year      = "2011",
     eprint    = "1109.0702",
     archivePrefix = "arXiv",
     primaryClass  =  "astro-ph.CO",
     SLACcitation  = "%%CITATION = 1109.0702;%%"
}

@Article{Bernabei:2010mq,
     author    = "Bernabei, R. and others",
     title     = "{New results from DAMA/LIBRA}",
     journal   = "Eur. Phys. J.",
     volume    = "C67",
     year      = "2010",
     pages     = "39-49",
     eprint    = "1002.1028",
     archivePrefix = "arXiv",
     primaryClass  =  "astro-ph.GA",
     doi       = "10.1140/epjc/s10052-010-1303-9",
     SLACcitation  = "%%CITATION = 1002.1028;%%"
}

@Article{Billard:2011yf,
     author    = "Billard, J. and Mayet, F. and Santos, D.",
     title     = "{Directional Detection of Dark Matter with MIMAC}",
     year      = "2011",
     eprint    = "1110.5999",
     archivePrefix = "arXiv",
     primaryClass  =  "astro-ph.IM",
     SLACcitation  = "%%CITATION = 1110.5999;%%"
}

@article{Pipe:2010zz,
      author         = "Pipe, Mark",
      title          = "{Progress report on DRIFT-II}",
      collaboration  = "DRIFT Collaboration",
      journal        = "J.Phys.Conf.Ser.",
      volume         = "203",
      pages          = "012031",
      doi            = "10.1088/1742-6596/203/1/012031",
      year           = "2010",
}

@Article{Bomark:2011fj,
     author    = "Bomark, N. -E. and Choudhury, D. and Lola, S. and Osland,
                  P.",
     title     = "{Supersymmetry with Trilinear R-Parity Violation at the
                  LHC}",
     year      = "2011",
     eprint    = "1110.2910",
     archivePrefix = "arXiv",
     primaryClass  =  "hep-ph",
     SLACcitation  = "%%CITATION = 1110.2910;%%"
}

@Article{:2011iu,
     author    = "",
 collaboration = "ATLAS",
     title     = "{Search for supersymmetry in final states with jets,
                  missing transverse momentum and one isolated lepton in
                  sqrt{s} = 7 TeV pp collisions using 1 fb-1 of ATLAS data}",
     year      = "2011",
     eprint    = "1109.6606",
     archivePrefix = "arXiv",
     primaryClass  =  "hep-ex",
     SLACcitation  = "%%CITATION = 1109.6606;%%"
}

@article{Hirsch:2000ef,
      author         = "Hirsch, M. and Diaz, M.A. and Porod, W. and Romao, J.C.
                        and Valle, J.W.F.",
      title          = "{Neutrino masses and mixings from supersymmetry with
                        bilinear R parity violation: A Theory for solar and
                        atmospheric neutrino oscillations}",
      journal        = "Phys.Rev.",
      volume         = "D62",
      pages          = "113008",
      doi            = "10.1103/PhysRevD.62.113008, 10.1103/PhysRevD.65.119901",
      year           = "2000",
      eprint         = "hep-ph/0004115",
      archivePrefix  = "arXiv",
      primaryClass   = "hep-ph",
}

@article{Restrepo:2011rj,
      author         = "Restrepo, Diego and Taoso, Marco and Valle, J.W.F. and
                        Zapata, Oscar",
      title          = "{Gravitino dark matter and neutrino masses with bilinear
                        R-parity violation}",
      year           = "2011",
      note           = "* Temporary entry *",
      eprint         = "1109.0512",
      archivePrefix  = "arXiv",
      primaryClass   = "hep-ph",
}

@article{Diaz:2003as,
      author         = "Diaz, M.A. and Hirsch, M. and Porod, W. and Romao, J.C.
                        and Valle, J.W.F.",
      title          = "{Solar neutrino masses and mixing from bilinear R parity
                        broken supersymmetry: Analytical versus numerical
                        results}",
      journal        = "Phys.Rev.",
      volume         = "D68",
      pages          = "013009",
      doi            = "10.1103/PhysRevD.68.013009, 10.1103/PhysRevD.71.059904",
      year           = "2003",
      eprint         = "hep-ph/0302021",
      archivePrefix  = "arXiv",
      primaryClass   = "hep-ph",
}

@article{Choi:2010xn,
      author         = "Choi, Ki-Young and Yaguna, Carlos E.",
      title          = "{New decay modes of gravitino dark matter}",
      journal        = "Phys.Rev.",
      volume         = "D82",
      pages          = "015008",
      doi            = "10.1103/PhysRevD.82.015008",
      year           = "2010",
      eprint         = "1003.3401",
      archivePrefix  = "arXiv",
      primaryClass   = "hep-ph",
}

@article{Allanach:2008qq,
      author         = "Allanach, B.C. and Balazs, C. and Belanger, G. and
                        Bernhardt, M. and Boudjema, F. and others",
      title          = "{SUSY Les Houches Accord 2}",
      journal        = "Comput.Phys.Commun.",
      volume         = "180",
      pages          = "8-25",
      doi            = "10.1016/j.cpc.2008.08.004",
      year           = "2009",
      eprint         = "0801.0045",
      archivePrefix  = "arXiv",
      primaryClass   = "hep-ph",
}

@article{Sjostrand:2006za,
      author         = "Sjostrand, Torbjorn and Mrenna, Stephen and Skands, Peter
                        Z.",
      title          = "{PYTHIA 6.4 Physics and Manual}",
      journal        = "JHEP",
      volume         = "0605",
      pages          = "026",
      doi            = "10.1088/1126-6708/2006/05/026",
      year           = "2006",
      eprint         = "hep-ph/0603175",
      archivePrefix  = "arXiv",
      primaryClass   = "hep-ph",
}

@article{Porod:2003um,
      author         = "Porod, Werner",
      title          = "{SPheno, a program for calculating supersymmetric
                        spectra, SUSY particle decays and SUSY particle production
                        at e+ e- colliders}",
      journal        = "Comput.Phys.Commun.",
      volume         = "153",
      pages          = "275-315",
      doi            = "10.1016/S0010-4655(03)00222-4",
      year           = "2003",
      eprint         = "hep-ph/0301101",
      archivePrefix  = "arXiv",
      primaryClass   = "hep-ph",
}

@article{Brigliadori:2008vf,
      author         = "Aaltonen, T. and others",
      title          = "{Search for Pair Production of Scalar Top Quarks Decaying
                        to a $\tau$ Lepton and a $b$ Quark in $p\bar{p}$
                        Collisions at sqrt{s}=1.96 TeV}",
      collaboration  = "CDF Collaboration",
      journal        = "Phys.Rev.Lett.",
      volume         = "101",
      pages          = "071802",
      doi            = "10.1103/PhysRevLett.101.071802",
      year           = "2008",
      eprint         = "0802.3887",
      archivePrefix  = "arXiv",
      primaryClass   = "hep-ex",
}

@article{Bergman:2007pm,
      author         = "Bergman, Oren and Seki, Shigenori and Sonnenschein,
                        Jacob",
      title          = "{Quark mass and condensate in HQCD}",
      journal        = "JHEP",
      volume         = "0712",
      pages          = "037",
      doi            = "10.1088/1126-6708/2007/12/037",
      year           = "2007",
      eprint         = "0708.2839",
      archivePrefix  = "arXiv",
      primaryClass   = "hep-th",
}

@article{Belanger:2010gh,
      author         = "Belanger, G. and Boudjema, F. and Brun, P. and Pukhov, A.
                        and Rosier-Lees, S. and others",
      title          = "{Indirect search for dark matter with micrOMEGAs2.4}",
      journal        = "Comput.Phys.Commun.",
      volume         = "182",
      pages          = "842-856",
      doi            = "10.1016/j.cpc.2010.11.033",
      year           = "2011",
      eprint         = "1004.1092",
      archivePrefix  = "arXiv",
      primaryClass   = "hep-ph",
}

@misc{fermilab,
     Author={Fermilab},
     Howpublished={\url{http://www.fnal.gov}},
     SLACcitation  = "%%CITATION = NONE;%%"  
}

@article{Schwetz:2011zk,
      author         = "Schwetz, Thomas and Tortola, Mariam and Valle, J.W.F.",
      title          = "{Where we are on $\theta_{13}$: addendum to 'Global
                        neutrino data and recent reactor fluxes: status of
                        three-flavour oscillation parameters'}",
      journal        = "New J.Phys.",
      volume         = "13",
      pages          = "109401",
      doi            = "10.1088/1367-2630/13/10/109401",
      year           = "2011",
      note           = "* Temporary entry *",
      eprint         = "1108.1376",
      archivePrefix  = "arXiv",
      primaryClass   = "hep-ph",
}

@Book{Bertone:2010,
     editor    = "G. Bertone",
     title     = "{Particle Dark Matter: Observations, Models and Searches}",
     publisher = "Cambridge University Press",
     year      = "2010",
}

@misc{ams:2009,
     Author={AMS-02},
     Howpublished={\url{http://ams.cern.ch/}},
     Title="{The Alpha Magnetic Specrometer Experiment}",
     SLACcitation  = "%%CITATION = NONE;%%"  
}

@article{Diaz:1997xc,
      author         = "Diaz, Marco A. and Romao, Jorge C. and Valle, J.W.F.",
      title          = "{Minimal supergravity with R-parity breaking}",
      journal        = "Nucl.Phys.",
      volume         = "B524",
      pages          = "23-40",
      doi            = "10.1016/S0550-3213(98)00234-X",
      year           = "1998",
      eprint         = "hep-ph/9706315",
      archivePrefix  = "arXiv",
      primaryClass   = "hep-ph",
}

@article{Takayama:2000uz,
      author         = "Takayama, Fumihiro and Yamaguchi, Masahiro",
      title          = "{Gravitino dark matter without R-parity}",
      journal        = "Phys.Lett.",
      volume         = "B485",
      pages          = "388-392",
      doi            = "10.1016/S0370-2693(00)00726-7",
      year           = "2000",
      eprint         = "hep-ph/0005214",
      archivePrefix  = "arXiv",
      primaryClass   = "hep-ph",
}

@Article{Barbieri:2006dq,
     author    = "Barbieri, Riccardo and Hall, Lawrence J. and Rychkov,
                  Vyacheslav S.",
     title     = "{Improved naturalness with a heavy Higgs: An alternative
                  road to LHC  physics}",
     journal   = "Phys. Rev.",
     volume    = "D74",
     year      = "2006",
     pages     = "015007",
     eprint    = "hep-ph/0603188",
     archivePrefix = "arXiv",
     doi       = "10.1103/PhysRevD.74.015007",
     SLACcitation  = "%%CITATION = HEP-PH/0603188;%%"
}

@Article{Majumdar:2006nt,
     author    = "Majumdar, Debasish and Ghosal, Ambar",
     title     = "{Dark Matter candidate in a Heavy Higgs Model - Direct
                  Detection Rates}",
     journal   = "Mod. Phys. Lett.",
     volume    = "A23",
     year      = "2008",
     pages     = "2011-2022",
     eprint    = "hep-ph/0607067",
     archivePrefix = "arXiv",
     doi       = "10.1142/S0217732308025954",
     SLACcitation  = "%%CITATION = HEP-PH/0607067;%%"
}

@Article{Hambye:2007vf,
     author    = "Hambye, Thomas and Tytgat, Michel H. G.",
     title     = "{Electroweak Symmetry Breaking induced by Dark Matter}",
     journal   = "Phys. Lett.",
     volume    = "B659",
     year      = "2008",
     pages     = "651-655",
     eprint    = "0707.0633",
     archivePrefix = "arXiv",
     primaryClass  =  "hep-ph",
     doi       = "10.1016/j.physletb.2007.11.069",
     SLACcitation  = "%%CITATION = 0707.0633;%%"
}

@Article{LopezHonorez:2006gr,
     author    = "Lopez Honorez, Laura and Nezri, Emmanuel and Oliver, Josep
                  F. and Tytgat, Michel H. G.",
     title     = "{The inert doublet model: An archetype for dark matter}",
     journal   = "JCAP",
     volume    = "0702",
     year      = "2007",
     pages     = "028",
     eprint    = "hep-ph/0612275",
     archivePrefix = "arXiv",
     SLACcitation  = "%%CITATION = HEP-PH/0612275;%%"
}
@Article{Gustafsson:2007pc,
     author    = "Gustafsson, Michael and Lundstrom, Erik and Bergstrom, Lars
                  and Edsjo, Joakim",
     title     = "{Significant gamma lines from inert Higgs dark matter}",
     journal   = "Phys. Rev. Lett.",
     volume    = "99",
     year      = "2007",
     pages     = "041301",
     eprint    = "astro-ph/0703512",
     archivePrefix = "arXiv",
     doi       = "10.1103/PhysRevLett.99.041301",
     SLACcitation  = "%%CITATION = ASTRO-PH/0703512;%%"
}

@Article{Agrawal:2008xz,
     author    = "Agrawal, Prateek and Dolle, Ethan M. and Krenke,
                  Christopher A.",
     title     = "{Signals of Inert Doublet Dark Matter in Neutrino
                  Telescopes}",
     journal   = "Phys. Rev.",
     volume    = "D79",
     year      = "2009",
     pages     = "015015",
     eprint    = "0811.1798",
     archivePrefix = "arXiv",
     primaryClass  =  "hep-ph",
     doi       = "10.1103/PhysRevD.79.015015",
     SLACcitation  = "%%CITATION = 0811.1798;%%"
}
@Article{Andreas:2009hj,
     author    = "Andreas, Sarah and Tytgat, Michel H. G. and Swillens,
                  Quentin",
     title     = "{Neutrinos from Inert Doublet Dark Matter}",
     journal   = "JCAP",
     volume    = "0904",
     year      = "2009",
     pages     = "004",
     eprint    = "0901.1750",
     archivePrefix = "arXiv",
     primaryClass  =  "hep-ph",
     doi       = "10.1088/1475-7516/2009/04/004",
     SLACcitation  = "%%CITATION = 0901.1750;%%"
}

@Article{Nezri:2009jd,
     author    = "Nezri, Emmanuel and Tytgat, Michel H. G. and Vertongen,
                  Gilles",
     title     = "{Positrons and antiprotons from inert doublet model dark
                  matter}",
     journal   = "JCAP",
     volume    = "0904",
     year      = "2009",
     pages     = "014",
     eprint    = "0901.2556",
     archivePrefix = "arXiv",
     primaryClass  =  "hep-ph",
     doi       = "10.1088/1475-7516/2009/04/014",
     SLACcitation  = "%%CITATION = 0901.2556;%%"
}

@Article{Lundstrom:2008ai,
     author    = "Lundstrom, Erik and Gustafsson, Michael and Edsjo, Joakim",
     title     = "{The Inert Doublet Model and LEP II Limits}",
     journal   = "Phys. Rev.",
     volume    = "D79",
     year      = "2009",
     pages     = "035013",
     eprint    = "0810.3924",
     archivePrefix = "arXiv",
     primaryClass  =  "hep-ph",
     doi       = "10.1103/PhysRevD.79.035013",
     SLACcitation  = "%%CITATION = 0810.3924;%%"
}
@Article{Dolle:2009ft,
     author    = "Dolle, Ethan and Miao, Xinyu and Su, Shufang and Thomas,
                  Brooks",
     title     = "{Dilepton Signals in the Inert Doublet Model}",
     journal   = "Phys. Rev.",
     volume    = "D81",
     year      = "2010",
     pages     = "035003",
     eprint    = "0909.3094",
     archivePrefix = "arXiv",
     primaryClass  =  "hep-ph",
     doi       = "10.1103/PhysRevD.81.035003",
     SLACcitation  = "%%CITATION = 0909.3094;%%"
}

@Article{McDonald:1993ex,
     author    = "McDonald, John",
     title     = "{Gauge Singlet Scalars as Cold Dark Matter}",
     journal   = "Phys. Rev.",
     volume    = "D50",
     year      = "1994",
     pages     = "3637-3649",
     eprint    = "hep-ph/0702143",
     archivePrefix = "arXiv",
     doi       = "10.1103/PhysRevD.50.3637",
     SLACcitation  = "%%CITATION = HEP-PH/0702143;%%"
}

@Article{Burgess:2000yq,
     author    = "Burgess, C. P. and Pospelov, Maxim and ter Veldhuis, Tonnis
                  ",
     title     = "{The minimal model of nonbaryonic dark matter: A singlet
                  scalar}",
     journal   = "Nucl. Phys.",
     volume    = "B619",
     year      = "2001",
     pages     = "709-728",
     eprint    = "hep-ph/0011335",
     archivePrefix = "arXiv",
     doi       = "10.1016/S0550-3213(01)00513-2",
     SLACcitation  = "%%CITATION = HEP-PH/0011335;%%"
}
@Article{Davoudiasl:2004be,
     author    = "Davoudiasl, Hooman and Kitano, Ryuichiro and Li, Tianjun
                  and Murayama, Hitoshi",
     title     = "{The new minimal standard model}",
     journal   = "Phys. Lett.",
     volume    = "B609",
     year      = "2005",
     pages     = "117-123",
     eprint    = "hep-ph/0405097",
     archivePrefix = "arXiv",
     doi       = "10.1016/j.physletb.2005.01.026",
     SLACcitation  = "%%CITATION = HEP-PH/0405097;%%"
}
@Article{Barger:2007im,
     author    = "Barger, Vernon and Langacker, Paul and McCaskey, Mathew and
                  Ramsey-Musolf, Michael J. and Shaughnessy, Gabe",
     title     = "{LHC Phenomenology of an Extended Standard Model with a
                  Real Scalar Singlet}",
     journal   = "Phys. Rev.",
     volume    = "D77",
     year      = "2008",
     pages     = "035005",
     eprint    = "0706.4311",
     archivePrefix = "arXiv",
     primaryClass  =  "hep-ph",
     doi       = "10.1103/PhysRevD.77.035005",
     SLACcitation  = "%%CITATION = 0706.4311;%%"
}
@Article{Dick:2008ah,
     author    = "Dick, Rainer and Mann, Robert B. and Wunderle, Kai E.",
     title     = "{Cosmic rays through the Higgs portal}",
     journal   = "Nucl. Phys.",
     volume    = "B805",
     year      = "2008",
     pages     = "207-230",
     eprint    = "0803.1444",
     archivePrefix = "arXiv",
     primaryClass  =  "astro-ph",
     doi       = "10.1016/j.nuclphysb.2008.07.016",
     SLACcitation  = "%%CITATION = 0803.1444;%%"
}

@Article{Ma:2006km,
     author    = "Ma, Ernest",
     title     = "{Verifiable radiative seesaw mechanism of neutrino mass and
                  dark matter}",
     journal   = "Phys. Rev.",
     volume    = "D73",
     year      = "2006",
     pages     = "077301",
     eprint    = "hep-ph/0601225",
     archivePrefix = "arXiv",
     doi       = "10.1103/PhysRevD.73.077301",
     SLACcitation  = "%%CITATION = HEP-PH/0601225;%%"
}

@Article{Kubo:2006yx,
     author    = "Kubo, Jisuke and Ma, Ernest and Suematsu, Daijiro",
     title     = "{Cold dark matter, radiative neutrino mass, $\mu\to e\gamma$,
                  and  neutrinoless double beta decay}",
     journal   = "Phys. Lett.",
     volume    = "B642",
     year      = "2006",
     pages     = "18-23",
     eprint    = "hep-ph/0604114",
     archivePrefix = "arXiv",
     doi       = "10.1016/j.physletb.2006.08.085",
     SLACcitation  = "%%CITATION = HEP-PH/0604114;%%"
}

@Article{Kubo:2006rm,
     author    = "Kubo, Jisuke and Suematsu, Daijiro",
     title     = "{Neutrino masses and CDM in a non-supersymmetric model}",
     journal   = "Phys. Lett.",
     volume    = "B643",
     year      = "2006",
     pages     = "336-341",
     eprint    = "hep-ph/0610006",
     archivePrefix = "arXiv",
     doi       = "10.1016/j.physletb.2006.11.005",
     SLACcitation  = "%%CITATION = HEP-PH/0610006;%%"
}

@Article{Suematsu:2009ww,
     author    = "Suematsu, Daijiro and Toma, Takashi and Yoshida, Tetsuro",
     title     = "{Reconciliation of CDM abundance and $\mu\to e\gamma$ in a
                  radiative seesaw model}",
     journal   = "Phys. Rev.",
     volume    = "D79",
     year      = "2009",
     pages     = "093004",
     eprint    = "0903.0287",
     archivePrefix = "arXiv",
     primaryClass  =  "hep-ph",
     doi       = "10.1103/PhysRevD.79.093004",
     SLACcitation  = "%%CITATION = 0903.0287;%%"
}

@Article{Gelmini:2009xd,
     author    = "Gelmini, Graciela B. and Osoba, Efunwande and
                  Palomares-Ruiz, Sergio",
     title     = "{Inert-Sterile Neutrino: Cold or Warm Dark Matter
                  Candidate}",
     journal   = "Phys. Rev.",
     volume    = "D81",
     year      = "2010",
     pages     = "063529",
     eprint    = "0912.2478",
     archivePrefix = "arXiv",
     primaryClass  =  "hep-ph",
     doi       = "10.1103/PhysRevD.81.063529",
     SLACcitation  = "%%CITATION = 0912.2478;%%"
}

@Article{Ishiwata:2008cu,
     author    = "Ishiwata, Koji and Matsumoto, Shigeki and Moroi, Takeo",
     title     = "{High Energy Cosmic Rays from the Decay of Gravitino Dark
                  Matter}",
     journal   = "Phys. Rev.",
     volume    = "D78",
     year      = "2008",
     pages     = "063505",
     eprint    = "0805.1133",
     archivePrefix = "arXiv",
     primaryClass  =  "hep-ph",
     doi       = "10.1103/PhysRevD.78.063505",
     SLACcitation  = "%%CITATION = 0805.1133;%%"
}

@article{Bomark:2009zm,
      author         = "Bomark, N.-E. and Lola, S. and Osland, P. and Raklev,
                        A.R.",
      title          = "{Photon, Neutrino and Charged Particle Spectra from
                        R-violating Gravitino Decays}",
      journal        = "Phys.Lett.",
      volume         = "B686",
      pages          = "152-161",
      doi            = "10.1016/j.physletb.2010.02.050",
      year           = "2010",
      eprint         = "0911.3376",
      archivePrefix  = "arXiv",
      primaryClass   = "hep-ph",
}

@article{Lola:2008bk,
      author         = "Bomark, N.-E. and Lola, S. and Osland, P. and Raklev,
                        A.R.",
      title          = "{Gravitino Dark Matter and the Flavour Structure of
                        R-violating Operators}",
      journal        = "Phys.Lett.",
      volume         = "B677",
      pages          = "62-70",
      doi            = "10.1016/j.physletb.2009.05.011",
      year           = "2009",
      eprint         = "0811.2969",
      archivePrefix  = "arXiv",
      primaryClass   = "hep-ph",
}

@article{Lola:2007rw,
      author         = "Lola, S. and Osland, P. and Raklev, A.R.",
      title          = "{Radiative gravitino decays from R-parity violation}",
      journal        = "Phys.Lett.",
      volume         = "B656",
      pages          = "83-90",
      doi            = "10.1016/j.physletb.2007.09.048",
      year           = "2007",
      eprint         = "0707.2510",
      archivePrefix  = "arXiv",
      primaryClass   = "hep-ph",
}

@article{Bajc:2010qj,
      author         = "Bajc, Borut and Enkhbat, Tsedenbaljir and Ghosh, Dilip
                        Kumar and Senjanovic, Goran and Zhang, Yue",
      title          = "{MSSM in view of PAMELA and Fermi-LAT}",
      journal        = "JHEP",
      volume         = "1005",
      pages          = "048",
      doi            = "10.1007/JHEP05(2010)048",
      year           = "2010",
      eprint         = "1002.3631",
      archivePrefix  = "arXiv",
      primaryClass   = "hep-ph",
}

@article{Djouadi:2002ze,
      author         = "Djouadi, Abdelhak and Kneur, Jean-Loic and Moultaka,
                        Gilbert",
      title          = "{SuSpect: A Fortran code for the supersymmetric and Higgs
                        particle spectrum in the MSSM}",
      journal        = "Comput.Phys.Commun.",
      volume         = "176",
      pages          = "426-455",
      doi            = "10.1016/j.cpc.2006.11.009",
      year           = "2007",
      eprint         = "hep-ph/0211331",
      archivePrefix  = "arXiv",
      primaryClass   = "hep-ph",
}

@article{Semenov:2008jy,
      author         = "Semenov, A.",
      title          = "{LanHEP: A Package for the automatic generation of
                        Feynman rules in field theory. Version 3.0}",
      journal        = "Comput.Phys.Commun.",
      volume         = "180",
      pages          = "431-454",
      doi            = "10.1016/j.cpc.2008.10.012",
      year           = "2009",
      eprint         = "0805.0555",
      archivePrefix  = "arXiv",
      primaryClass   = "hep-ph",
}

@article{Pukhov:2004ca,
      author         = "Pukhov, A.",
      title          = "{CalcHEP 2.3: MSSM, structure functions, event
                        generation, batchs, and generation of matrix elements for
                        other packages}",
      year           = "2004",
      eprint         = "hep-ph/0412191",
      archivePrefix  = "arXiv",
      primaryClass   = "hep-ph",
}
@article{AristizabalSierra:2009mq,
      author         = "Aristizabal Sierra, D. and Losada, Marta and Nardi,
                        Enrico",
      title          = "{Lepton Flavor Equilibration and Leptogenesis}",
      journal        = "JCAP",
      volume         = "0912",
      pages          = "015",
      doi            = "10.1088/1475-7516/2009/12/015",
      year           = "2009",
      eprint         = "0905.0662",
      archivePrefix  = "arXiv",
      primaryClass   = "hep-ph",
}
@article{Sierra:2009bm,
      author         = "Aristizabal Sierra, D. and Munoz, Luis Alfredo and Nardi,
                        Enrico",
      title          = "{Implications of an additional scale on leptogenesis}",
      journal        = "J.Phys.Conf.Ser.",
      volume         = "171",
      pages          = "012078",
      doi            = "10.1088/1742-6596/171/1/012078",
      year           = "2009",
      eprint         = "0904.3052",
      archivePrefix  = "arXiv",
      primaryClass   = "hep-ph",
}
@article{AristizabalSierra:2007ur,
      author         = "Aristizabal Sierra, D. and Losada, Marta and Nardi,
                        Enrico",
      title          = "{Variations on leptogenesis}",
      journal        = "Phys.Lett.",
      volume         = "B659",
      pages          = "328-335",
      doi            = "10.1016/j.physletb.2007.10.030",
      year           = "2008",
      eprint         = "0705.1489",
      archivePrefix  = "arXiv",
      primaryClass   = "hep-ph",
}
@article{Aristizabal:2003zn,
      author         = "Aristizabal Sierra, D. and Nardi, Enrico",
      title          = "{b - tau Yukawa nonunification in supersymmetric SU(5)
                        with an Abelian flavor symmetry}",
      journal        = "Phys.Lett.",
      volume         = "B578",
      pages          = "176-180",
      doi            = "10.1016/j.physletb.2003.10.100",
      year           = "2004",
      eprint         = "hep-ph/0306206",
      archivePrefix  = "arXiv",
      primaryClass   = "hep-ph",
}
@Article{Dreiner:2011ft,
     author    = "Dreiner, Herbi K. and Hanussek, Marja and Kim, Jong-Soo and
                  Kom, C. H.",
     title     = "{Neutrino masses and mixings in the baryon triality
                  constrained minimal supersymmetric standard model}",
     year      = "2011",
     eprint    = "1106.4338",
     archivePrefix = "arXiv",
     primaryClass  =  "hep-ph",
     SLACcitation  = "%%CITATION = 1106.4338;%%"
}

@Article{Bernal:2007uv,
     author    = "Bernal, Nicolas and Djouadi, Abdelhak and Slavich, Pietro",
     title     = "{The MSSM with heavy scalars}",
     journal   = "JHEP",
     volume    = "07",
     year      = "2007",
     pages     = "016",
     eprint    = "0705.1496",
     archivePrefix = "arXiv",
     primaryClass  =  "hep-ph",
     doi       = "10.1088/1126-6708/2007/07/016",
     SLACcitation  = "%%CITATION = 0705.1496;%%"
}

@Article{Bernal:2009hd,
     author    = "Bernal, Nicolas and Blum, Kfir and Nir, Yosef and Losada,
                  Marta",
     title     = "{BMSSM Implications for Cosmology}",
     journal   = "JHEP",
     volume    = "08",
     year      = "2009",
     pages     = "053",
     eprint    = "0906.4696",
     archivePrefix = "arXiv",
     primaryClass  =  "hep-ph",
     doi       = "10.1088/1126-6708/2009/08/053",
     SLACcitation  = "%%CITATION = 0906.4696;%%"
}

@article{AristizabalSierra:2003ix,
      author         = "Aristizabal Sierra, D. and Hirsch, M. and Valle, J.W.F.
                        and Villanova del Moral, Albert",
      title          = "{Reconstructing neutrino properties from collider
                        experiments in a Higgs triplet neutrino mass model}",
      journal        = "Phys.Rev.",
      volume         = "D68",
      pages          = "033006",
      doi            = "10.1103/PhysRevD.68.033006",
      year           = "2003",
      eprint         = "hep-ph/0304141",
      archivePrefix  = "arXiv",
      primaryClass   = "hep-ph",
}
@article{LopezFogliani:2005yw,
      author         = "Lopez-Fogliani, D.E. and Munoz, C.",
      title          = "{Proposal for a new minimal supersymmetric standard
                        model}",
      journal        = "Phys.Rev.Lett.",
      volume         = "97",
      pages          = "041801",
      doi            = "10.1103/PhysRevLett.97.041801",
      year           = "2006",
      eprint         = "hep-ph/0508297",
      archivePrefix  = "arXiv",
      primaryClass   = "hep-ph",
}

@article{Higgs:1964pj,
      author         = "Higgs, Peter W.",
      title          = "{Broken Symmetries and the Masses of Gauge Bosons}",
      journal        = "Phys.Rev.Lett.",
      volume         = "13",
      pages          = "508-509",
      doi            = "10.1103/PhysRevLett.13.508",
      year           = "1964",
}

@article{Higgs:1966ev,
      author         = "Higgs, Peter W.",
      title          = "{Spontaneous Symmetry Breakdown without Massless Bosons}",
      journal        = "Phys.Rev.",
      volume         = "145",
      pages          = "1156-1163",
      doi            = "10.1103/PhysRev.145.1156",
      year           = "1966",
}

@article{Englert:1964et,
      author         = "Englert, F. and Brout, R.",
      title          = "{Broken Symmetry and the Mass of Gauge Vector Mesons}",
      journal        = "Phys.Rev.Lett.",
      volume         = "13",
      pages          = "321-322",
      doi            = "10.1103/PhysRevLett.13.321",
      year           = "1964",
}

@article{Guralnik:1964eu,
      author         = "Guralnik, G.S. and Hagen, C.R. and Kibble, T.W.B.",
      title          = "{Global Conservation Laws and Massless Particles}",
      journal        = "Phys.Rev.Lett.",
      volume         = "13",
      pages          = "585-587",
      doi            = "10.1103/PhysRevLett.13.585",
      year           = "1964",
}

@misc{gridcolombia,
     Author={Grid Colombia},
     Howpublished={\url{http://www.gridcolombia.org}},
     SLACcitation  = "%%CITATION = NONE;%%"  
}

@misc{opera,
     Author={OPERA Collaboration},
     Howpublished={\url{http://operaweb.lngs.infn.it/}},
     SLACcitation  = "%%CITATION = NONE;%%"  
}

@article{:2011zb,
      author         = "Adam, T. and others",
      title          = "{Measurement of the neutrino velocity with the OPERA
                        detector in the CNGS beam}",
      collaboration  = "OPERA Collaboration",
      year           = "2011",
      eprint         = "1109.4897",
      archivePrefix  = "arXiv",
      primaryClass   = "hep-ex",
}

@article{Abe:2011sj,
      author         = "Abe, K. and others",
      title          = "{Indication of Electron Neutrino Appearance from an
                        Accelerator-produced Off-axis Muon Neutrino Beam}",
      collaboration  = "T2K Collaboration",
      journal        = "Phys.Rev.Lett.",
      volume         = "107",
      pages          = "041801",
      doi            = "10.1103/PhysRevLett.107.041801",
      year           = "2011",
      eprint         = "1106.2822",
      archivePrefix  = "arXiv",
      primaryClass   = "hep-ex",
}

@misc{doublechooz,
      author  = "Double Chooz Collaboration",
      title          = "{First result from a new generation of reactor neutrino experiments}",
      Howpublished={\url{http://www.interactions.org/cms/?pid=1031199}},
}

@article{Bernal:2010ip,
      author         = "Bernal, Nicolas and Palomares-Ruiz, Sergio",
      title          = "{Constraining Dark Matter Properties with Gamma-Rays from
                        the Galactic Center with Fermi-LAT}",
      year           = "2010",
      note           = "* Temporary entry *",
      eprint         = "1006.0477",
      archivePrefix  = "arXiv",
      primaryClass   = "astro-ph.HE",
}

@article{Bernal:2011pz,
      author         = "Bernal, Nicolas and Palomares-Ruiz, Sergio",
      title          = "{Constraining the Milky Way Dark Matter Density Profile
                        with Gamma-Rays with Fermi-LAT}",
      year           = "2011",
      note           = "* Temporary entry *",
      eprint         = "1103.2377",
      archivePrefix  = "arXiv",
      primaryClass   = "astro-ph.HE",
}

@article{Das:2011yr,
      author         = "Das, Chitta R. and Mena, Olga and Palomares-Ruiz, Sergio
                        and Pascoli, Silvia",
      title          = "{Determining the dark matter mass with DeepCore}",
      year           = "2011",
      note           = "* Temporary entry *",
      eprint         = "1110.5095",
      archivePrefix  = "arXiv",
      primaryClass   = "hep-ph",
}

@article{Bernal:2008zk,
      author         = "Bernal, N. and Goudelis, A. and Mambrini, Y. and Munoz,
                        C.",
      title          = "{Determining the WIMP mass using the complementarity
                        between direct and indirect searches and the ILC}",
      journal        = "JCAP",
      volume         = "0901",
      pages          = "046",
      doi            = "10.1088/1475-7516/2009/01/046",
      year           = "2009",
      eprint         = "0804.1976",
      archivePrefix  = "arXiv",
      primaryClass   = "hep-ph",
}

@article{Beltran:2008xg,
      author         = "Beltran, Maria and Hooper, Dan and Kolb, Edward W. and
                        Krusberg, Zosia C.",
      title          = "{Deducing the nature of dark matter from direct and
                        indirect detection experiments in the absence of collider
                        signatures of new physics}",
      journal        = "Phys.Rev.",
      volume         = "D80",
      pages          = "043509",
      doi            = "10.1103/PhysRevD.80.043509",
      year           = "2009",
      eprint         = "0808.3384",
      archivePrefix  = "arXiv",
      primaryClass   = "hep-ph",
}

@article{Meade:2009iu,
      author         = "Meade, Patrick and Papucci, Michele and Strumia,
                        Alessandro and Volansky, Tomer",
      title          = "{Dark Matter Interpretations of the e+- Excesses after
                        FERMI}",
      journal        = "Nucl.Phys.",
      volume         = "B831",
      pages          = "178-203",
      doi            = "10.1016/j.nuclphysb.2010.01.012",
      year           = "2010",
      eprint         = "0905.0480",
      archivePrefix  = "arXiv",
      primaryClass   = "hep-ph",
}

@article{Grajek:2008pg,
      author         = "Grajek, Phill and Kane, Gordon and Phalen, Dan and
                        Pierce, Aaron and Watson, Scott",
      title          = "{Is the PAMELA Positron Excess Winos?}",
      journal        = "Phys.Rev.",
      volume         = "D79",
      pages          = "043506",
      doi            = "10.1103/PhysRevD.79.043506",
      year           = "2009",
      eprint         = "0812.4555",
      archivePrefix  = "arXiv",
      primaryClass   = "hep-ph",
}

@article{Ibarra:2009dr,
      author         = "Ibarra, Alejandro and Tran, David and Weniger, Christoph",
      title          = "{Decaying Dark Matter in Light of the PAMELA and Fermi
                        LAT Data}",
      journal        = "JCAP",
      volume         = "1001",
      pages          = "009",
      doi            = "10.1088/1475-7516/2010/01/009",
      year           = "2010",
      eprint         = "0906.1571",
      archivePrefix  = "arXiv",
      primaryClass   = "hep-ph",
}

@article{Barger:2009yt,
      author         = "Barger, V. and Gao, Y. and Keung, Wai Yee and Marfatia,
                        D. and Shaughnessy, G.",
      title          = "{Dark matter and pulsar signals for Fermi LAT, PAMELA,
                        ATIC, HESS and WMAP data}",
      journal        = "Phys.Lett.",
      volume         = "B678",
      pages          = "283-292",
      doi            = "10.1016/j.physletb.2009.06.030",
      year           = "2009",
      eprint         = "0904.2001",
      archivePrefix  = "arXiv",
      primaryClass   = "hep-ph",
}

@Article{Wess:1992cp,
     author    = "Wess, J. and Bagger, J.",
     title     = "{Supersymmetry and supergravity}",
     note     = "Princeton, USA: Univ. Pr. (1992) 259 p"
}

@Article{Fayet:1976et,
     author    = "Fayet, P.",
     title     = "{Supersymmetry and Weak, Electromagnetic and Strong
                  Interactions}",
     journal   = "Phys. Lett.",
     volume    = "B64",
     year      = "1976",
     pages     = "159",
     doi       = "10.1016/0370-2693(76)90319-1",
     SLACcitation  = "%%CITATION = PHLTA,B64,159;%%"
}

@Article{Fayet:1977yc,
     author    = "Fayet, P.",
     title     = "{Spontaneously Broken Supersymmetric Theories of Weak,
                  Electromagnetic and Strong Interactions}",
     journal   = "Phys. Lett.",
     volume    = "B69",
     year      = "1977",
     pages     = "489",
     doi       = "10.1016/0370-2693(77)90852-8",
     SLACcitation  = "%%CITATION = PHLTA,B69,489;%%"
}

@Article{Fayet:1976cr,
     author    = "Fayet, P. and Ferrara, S.",
     title     = "{Supersymmetry}",
     journal   = "Phys. Rept.",
     volume    = "32",
     year      = "1977",
     pages     = "249-334",
     doi       = "10.1016/0370-1573(77)90066-7",
     SLACcitation  = "%%CITATION = PRPLC,32,249;%%"
}

@article{Belanger:2008sj,
      author         = "Belanger, G. and Boudjema, F. and Pukhov, A. and Semenov,
                        A.",
      title          = "{Dark matter direct detection rate in a generic model
                        with micrOMEGAs 2.2}",
      journal        = "Comput.Phys.Commun.",
      volume         = "180",
      pages          = "747-767",
      doi            = "10.1016/j.cpc.2008.11.019",
      year           = "2009",
      eprint         = "0803.2360",
      archivePrefix  = "arXiv",
      primaryClass   = "hep-ph",
}

@article{GomezVargas:2011ph,
      author         = "Gomez-Vargas, G.A. and Fornasa, M. and Zandanel, F. and
                        Cuesta, A.J. and Munoz, C. and others",
      title          = "{CLUES on Fermi-LAT prospects for the extragalactic
                        detection of munuSSM gravitino Dark Matter}",
      year           = "2011",
      eprint         = "1110.3305",
      archivePrefix  = "arXiv",
      primaryClass   = "astro-ph.HE",
}
@article{Bernal:2009rk,
      author         = "Bernal, Nicolas and Lopez-Val, David and Sola, Joan",
      title          = "{Single Higgs-boson production through gamma-gamma
                        scattering within the general 2HDM}",
      journal        = "Phys.Lett.",
      volume         = "B677",
      pages          = "39-47",
      doi            = "10.1016/j.physletb.2009.05.013",
      year           = "2009",
      eprint         = "0903.4978",
      archivePrefix  = "arXiv",
      primaryClass   = "hep-ph",
}

@article{LopezVal:2010vk,
      author         = "Lopez-Val, David and Sola, Joan and Bernal, Nicolas",
      title          = "{Quantum effects on Higgs-strahlung events at Linear
                        Colliders within the general 2HDM}",
      journal        = "Phys.Rev.",
      volume         = "D81",
      pages          = "113005",
      doi            = "10.1103/PhysRevD.81.113005",
      year           = "2010",
      eprint         = "1003.4312",
      archivePrefix  = "arXiv",
      primaryClass   = "hep-ph",
}

@article{Bernal:2009tt,
      author         = "Bernal, Nicolas",
      title          = "{Dark matter direct detection in the MSSM with heavy
                        scalars}",
      journal        = "JCAP",
      volume         = "0908",
      pages          = "022",
      doi            = "10.1088/1475-7516/2009/08/022",
      year           = "2009",
      eprint         = "0905.4239",
      archivePrefix  = "arXiv",
      primaryClass   = "hep-ph",
}

@article{Bernal:2009jc,
      author         = "Bernal, Nicolas and Goudelis, Andreas",
      title          = "{Dark matter detection in the BMSSM}",
      journal        = "JCAP",
      volume         = "1003",
      pages          = "007",
      doi            = "10.1088/1475-7516/2010/03/007",
      year           = "2010",
      eprint         = "0912.3905",
      archivePrefix  = "arXiv",
      primaryClass   = "hep-ph",
}

@Article{:2011rq,
     author    = ", and others",
 collaboration = "The Fermi LAT",
     title     = "{Measurement of separate cosmic-ray electron and positron
                  spectra with the Fermi Large Area Telescope}",
     year      = "2011",
     eprint    = "1109.0521",
     archivePrefix = "arXiv",
     primaryClass  =  "astro-ph.HE",
     SLACcitation  = "%%CITATION = 1109.0521;%%"
}


